<record xmlns="http://www.loc.gov/MARC21/slim" xmlns:xsi="http://www.w3.org/2001/XMLSchema-instance" xsi:schemaLocation="http://www.loc.gov/MARC21/slim http://www.loc.gov/standards/marcxml/schema/MARC21slim.xsd">

  <leader>01783nab a22001697a 4500</leader>
  <controlfield tag="005">20160831160806.0</controlfield>
  <controlfield tag="008">160112b        cr ||||| |||| 00| 0 spa d</controlfield>
  <datafield tag="090" ind1=" " ind2=" ">
    <subfield code="a">REVIS 06.02.01</subfield>
  </datafield>
  <datafield ind2=" " ind1="1" tag="100">
    <subfield code="9">1280</subfield>
    <subfield code="a">Araya Muñoz, Isabel</subfield>
  </datafield>
  <datafield tag="245" ind2="3" ind1="1">
    <subfield code="a">La formación dual y su fundamentación curricular /</subfield>
    <subfield code="c">Isabel Araya Muñoz</subfield>
  </datafield>
  <datafield tag="260" ind2=" " ind1=" ">
    <subfield code="a">San José, Costa Rica :</subfield>
    <subfield code="b">Editorial Universidad de Costa Rica,</subfield>
    <subfield code="c">2008</subfield>
  </datafield>
  <datafield tag="300" ind2=" " ind1=" ">
    <subfield code="a">páginas 45-61</subfield>
  </datafield>
  <datafield tag="520" ind1=" " ind2=" ">
    <subfield code="a">La educación dual es una modalidad de enseñanza y de aprendizaje que se realiza en dos lugares distintos; la institución educativa y la empresa, que se complementan mediante actividades coordinadas. El principio fundamental de este modelo pedagógico corresponde a la relación educación-trabajo en la formación profesional, que se cimienta en los enfoques tecnológico y humanista y debe ser abordado  desde perspectivas filosóficas para determinar el tipo de ciudadano que se desea formar, sus valores universales como individuo y a partir de su convivencia con otros, desde el fundamento epistemológico define el saber y las diversas modalidades de conocimiento, su fundamento psicopedagógico comprende un proceso de enseñanza y de aprendizaje que interrelaciona la psicología y la pedagogía para orientar esa actividad en dos lugares distintos, la escuela y la empresa, mediante un enlace cooperativo, el fundamento socioeconómico que establece la visión de formación del recurso humano para la productividad y que se apega al desarrollo económico y social del individuo y de la sociedad en la que está inmersa</subfield>
  </datafield>
  <datafield tag="650" ind1="1" ind2="4">
    <subfield code="9">1</subfield>
    <subfield code="a">EDUCACIÓN</subfield>
  </datafield>
  <datafield ind2=" " ind1="0" tag="773">
    <subfield code="d">San José, Costa Rica : Editorial de la Universidad de Costa Rica, 1997-</subfield>
    <subfield code="o">R0396</subfield>
    <subfield code="t">EDUCACIÓN: Revista de la Universidad de Costa Rica</subfield>
    <subfield code="g">Vol.32, no.1 (2008)</subfield>
  </datafield>
  <datafield ind1=" " ind2=" " tag="942">
    <subfield code="2">z</subfield>
    <subfield code="c">10</subfield>
  </datafield>
  <datafield ind2=" " ind1=" " tag="999">
    <subfield code="c">3008</subfield>
    <subfield code="d">3008</subfield>
  </datafield>
</record>